@Book{zbMATH01757925,
 Author = {Agler, Jim and McCarthy, John E.},
 Title = {Pick interpolation and {Hilbert} function spaces},
 FSeries = {Graduate Studies in Mathematics},
 Series = {Grad. Stud. Math.},
 ISSN = {1065-7338},
 Volume = {44},
 ISBN = {0-8218-2898-3},
 Year = {2002},
 Publisher = {Providence, RI: American Mathematical Society (AMS)},
 Language = {English},
 Keywords = {47-02,30-02,46-02,47A57,30E05,46E20,32A70},
 zbMATH = {1757925},
 Zbl = {1010.47001}
}
@Book{zbMATH06562440,
 Author = {Paulsen, Vern I. and Raghupathi, Mrinal},
 Title = {An introduction to the theory of reproducing kernel {Hilbert} spaces},
 FSeries = {Cambridge Studies in Advanced Mathematics},
 Series = {Camb. Stud. Adv. Math.},
 Volume = {152},
 ISBN = {978-1-107-10409-9; 978-1-316-21923-2},
 Year = {2016},
 Publisher = {Cambridge: Cambridge University Press},
 Language = {English},
 DOI = {10.1017/CBO9781316219232},
 Keywords = {46-02,46E22,47B32},
 zbMATH = {6562440},
 Zbl = {1364.46004}
}
@Book{zbMATH06595316,
 Author = {Garcia, Stephan Ramon and Mashreghi, Javad and Ross, William T.},
 Title = {Introduction to model spaces and their operators},
 FSeries = {Cambridge Studies in Advanced Mathematics},
 Series = {Camb. Stud. Adv. Math.},
 Volume = {148},
 ISBN = {978-1-107-10874-5; 978-1-316-25823-1},
 Year = {2016},
 Publisher = {Cambridge: Cambridge University Press},
 Language = {English},
 DOI = {10.1017/CBO9781316258231},
 Keywords = {30-02,46-02,47-02,30H10,46E20,47A45,47B35},
 zbMATH = {6595316},
 Zbl = {1361.30001}
}
@Article{zbMATH01958469,
 Author = {McCarthy, John E.},
 Title = {Pick's theorem -- what's the big deal?},
 FJournal = {American Mathematical Monthly},
 Journal = {Am. Math. Mon.},
 ISSN = {0002-9890},
 Volume = {110},
 Number = {1},
 Pages = {36--45},
 Year = {2003},
 Language = {English},
 DOI = {10.2307/3072342},
 Keywords = {30E05,47A20,47A57,47N70,93B36},
 zbMATH = {1958469},
 Zbl = {1025.30030}
}
@incollection{fricain:hal-04206953,
  TITLE = {{Analytic Function Spaces and their applications : Mini-course on Truncated Toeplitz Operators.}},
  AUTHOR = {Fricain, Emmanuel},
  URL = {https://hal.science/hal-04206953},
  BOOKTITLE = {{Lectures on analytic functions spaces and their applications.}},
  EDITOR = {Fields Institute Monographs},
  YEAR = {2023},
  PDF = {https://hal.science/hal-04206953/file/Lecture-TTO-Fricain.pdf},
  HAL_ID = {hal-04206953},
  HAL_VERSION = {v1},
}

@article{1cb1f5bb-aa4a-31e2-ba77-0159c6d327f4,
% ISSN = {00029947},
% URL = {http://www.jstor.org/stable/1994641},
 author = {Donald Sarason},
 journal = {Transactions of the American Mathematical Society},
% number = {2},
% pages = {179--203},
 publisher = {American Mathematical Society},
 title = {Generalized Interpolation in \texorpdfstring{$H^{\infty}$}{H-infinity}},
% urldate = {2024-04-14},
% volume = {127},
 year = {1967}
}
@online{WinNT,
  author = {Marx, Gregory},
  title = {The Complete Pick Property and Reproducing Kernel Hilbert Spaces},
  year = 2014,
  url = {https://vtechworks.lib.vt.edu/bitstream/handle/10919/24783/Marx_G_T_2014.pdf},
  urldate = {2014-01-03}
}
@Article{zbMATH00222166,
 Author = {Quiggin, Peter},
 Title = {For which reproducing kernel {Hilbert} spaces is {Pick}'s theorem true!},
 FJournal = {Integral Equations and Operator Theory},
 Journal = {Integral Equations Oper. Theory},
% ISSN = {0378-620X},
% Volume = {16},
% Number = {2},
% Pages = {244--266},
 Year = {1993},
% Language = {English},
% DOI = {10.1007/BF01358955},
% Keywords = {30E05,46E22,47A20},
% zbMATH = {222166},
% Zbl = {0779.30026}
}
@incollection {MR1284929,
    AUTHOR = {McCullough, Scott},
     TITLE = {The local de {B}ranges-{R}ovnyak construction and complete
              {N}evanlinna-{P}ick kernels},
 BOOKTITLE = {Algebraic methods in operator theory},
%     PAGES = {15--24},
 PUBLISHER = {Birkh\"{a}user Boston, Boston, MA},
      YEAR = {1994},
      ISBN = {0-8176-3745-1},
%   MRCLASS = {47A57 (30C40 30E05 46E22)},
%  MRNUMBER = {1284929},
%MRREVIEWER = {Daniel\ Alpay},
}
@article {MR1774853,
    AUTHOR = {Agler, Jim and McCarthy, John E.},
     TITLE = {Complete {N}evanlinna-{P}ick kernels},
   JOURNAL = {J. Funct. Anal.},
  FJOURNAL = {Journal of Functional Analysis},
%    VOLUME = {175},
      YEAR = {2000},
%    NUMBER = {1},
%     PAGES = {111--124},
%      ISSN = {0022-1236,1096-0783},
%   MRCLASS = {47A57 (46E22)},
%  MRNUMBER = {1774853},
%MRREVIEWER = {Scott\ McCullough},
%       DOI = {10.1006/jfan.2000.3599},
%       URL = {https://doi.org/10.1006/jfan.2000.3599},
}
@article {MR2187439,
    AUTHOR = {Serra, Ant\'{o}nio},
     TITLE = {New examples of non-complete {P}ick kernels},
   JOURNAL = {Integral Equations Operator Theory},
  FJOURNAL = {Integral Equations and Operator Theory},
    VOLUME = {53},
      YEAR = {2005},
    NUMBER = {4},
     PAGES = {553--572},
      ISSN = {0378-620X,1420-8989},
   MRCLASS = {46E22 (30E05 47A57)},
  MRNUMBER = {2187439},
MRREVIEWER = {Sergei\ M.\ Shimorin},
       DOI = {10.1007/s00020-005-1363-7},
       URL = {https://doi.org/10.1007/s00020-005-1363-7},
}
@Article{zbMATH03056506,
 Author = {Aronszajn, N.},
 Title = {Theory of reproducing kernels},
 FJournal = {Transactions of the American Mathematical Society},
 Journal = {Trans. Am. Math. Soc.},
% ISSN = {0002-9947},
% Volume = {68},
% Pages = {337--404},
 Year = {1950},
% Language = {English},
% DOI = {10.2307/1990404},
% Keywords = {46-02},
% zbMATH = {3056506},
% Zbl = {0037.20701}
}
